@electronic{OReally,
	author        = "Mike Loukides és Steve Swoyer",
	title         = "Microservices Adoption in 2020",
	journal       = "O'Reilly Radar",
	year          = "2020",
	month         = "Júl. 15",
	url           = "https://www.oreilly.com/radar/microservices-adoption-in-2020/",
}

@electronic{wiredelta,
	author        = " Andzhela Angelova",
	title         = "10Reasons Why Microservices Are the Future",
	journal       = "Wiredelta",
	year          = "2020",	
	month         = "Jún. 20",
	url           = "https://wiredelta.com/10-reasons-why-microservices-are-the-future/",
}